<record><leader>00000cas a2200000 a 4500</leader><controlfield tag="001">12581443</controlfield><controlfield tag="008">850920d19431945couwr ne      0   a0eng d</controlfield><datafield ind1=" " ind2=" " tag="010"><subfield code="a">sn 91052288 </subfield></datafield><datafield ind1=" " ind2=" " tag="040"><subfield code="a">SMI</subfield><subfield code="b">eng</subfield><subfield code="c">SMI</subfield><subfield code="d">NPH</subfield><subfield code="d">CNQ</subfield><subfield code="d">OCL</subfield><subfield code="d">OCLCQ</subfield></datafield><datafield ind1=" " ind2=" " tag="042"><subfield code="a">msc</subfield></datafield><datafield ind1=" " ind2=" " tag="043"><subfield code="a">n-us-co</subfield></datafield><datafield ind1=" " ind2=" " tag="090"><subfield code="a">UG634.5.L8</subfield><subfield code="b">L92</subfield></datafield><datafield ind1="0" ind2=" " tag="130"><subfield code="a">Rev-meter (Denver, Colo. : 1943)</subfield></datafield><datafield ind1="1" ind2="4" tag="245"><subfield code="a">The Rev-meter.</subfield></datafield><datafield ind1=" " ind2=" " tag="260"><subfield code="a">Denver, Colo. :</subfield><subfield code="b">Harry A. Zinn</subfield></datafield><datafield ind1=" " ind2=" " tag="300"><subfield code="a">v.</subfield></datafield><datafield ind1=" " ind2=" " tag="310"><subfield code="a">Weekly</subfield></datafield><datafield ind1="0" ind2=" " tag="362"><subfield code="a">Vol. 2, no. 45 (Mar. 26, 1943)-v. 4, no. 53 (May 18, 1945).</subfield></datafield><datafield ind1=" " ind2=" " tag="530"><subfield code="a">Available on microfilm from the Colorado Historical Society.</subfield></datafield><datafield ind1="1" ind2="0" tag="610"><subfield code="a">Lowry Air Force Base (Colo.)</subfield><subfield code="x">Employees</subfield><subfield code="v">Periodicals.</subfield></datafield><datafield ind1=" " ind2=" " tag="752"><subfield code="a">United States</subfield><subfield code="b">Colorado</subfield><subfield code="c">Denver</subfield><subfield code="d">Denver.</subfield></datafield><datafield ind1="0" ind2="0" tag="780"><subfield code="t">Lowry Field rev-meter (Denver, Co. : 1941)</subfield><subfield code="w">(DLC)sn 91052287</subfield><subfield code="w">(OCoLC)13517460</subfield></datafield><datafield ind1="0" ind2="0" tag="785"><subfield code="t">Lowry Field rev-meter (Denver, Co. : 1945)</subfield><subfield code="w">(DLC)sn 91052289</subfield><subfield code="w">(OCoLC)13517476</subfield></datafield><datafield ind1="1" ind2=" " tag="029"><subfield code="a">AU@</subfield><subfield code="b">000025864889</subfield></datafield></record>